<?xml version="1.0" encoding="UTF-8"?><collection xmlns="http://www.loc.gov/MARC21/slim"><record><leader>00352nam--2200133-i-4500</leader><controlfield tag="001">000004087</controlfield><controlfield tag="002">20161230</controlfield><controlfield tag="005">20170206183410</controlfield><controlfield tag="008">060222s1000------------r-----000-0-eng-d</controlfield><datafield ind1=" " ind2=" " tag="245"><subfield code="a">Automatic data processing conference. Proceedings, Sept. 1955</subfield></datafield><datafield ind1=" " ind2=" " tag="260"><subfield code="a">Harvard University</subfield></datafield><datafield ind1=" " ind2=" " tag="700"><subfield code="a">Anthony, R. N</subfield></datafield><datafield ind1=" " ind2=" " tag="852"><subfield code="a">12305</subfield></datafield><datafield ind1=" " ind2=" " tag="CAT"><subfield code="a">SYS</subfield><subfield code="c">20170206</subfield><subfield code="h">183410</subfield></datafield></record></collection>